@article{mccrae2008empirical,
  author    = {McCrae, Robert R and Costa, Paul T and others},
  doi       = {10.1016/S0165-1781(97)03096-5},
  journal   = {The SAGE handbook of personality theory and assessment},
  pages     = {273--294},
  publisher = {SAGE Publications Ltd},
  title     = {Empirical and theoretical status of the five-factor model of personality traits},
  volume    = {1},
  year      = {2008}
}

@article{jang1996heritability,
  author    = {Jang, Kerry L and Livesley, W John and Vemon, Philip A},
  doi       = {10.1111/j.1467-6494.1996.tb00522.x},
  journal   = {Journal of personality},
  number    = {3},
  pages     = {577--592},
  publisher = {Wiley Online Library},
  title     = {Heritability of the big five personality dimensions and their facets: a twin study},
  volume    = {64},
  year      = {1996}
}

@article{bandura1977self,
  author    = {Bandura, Albert},
  doi       = {10.1037/0033-295X.84.2.191},
  journal   = {Psychological review},
  number    = {2},
  pages     = {191},
  publisher = {American Psychological Association},
  title     = {Self-efficacy: toward a unifying theory of behavioral change.},
  volume    = {84},
  year      = {1977}
}

@article{mischel1995cognitive,
  author    = {Mischel, Walter and Shoda, Yuichi},
  doi       = {10.1037/0033-295X.102.2.246},
  journal   = {Psychological review},
  number    = {2},
  pages     = {246},
  publisher = {American Psychological Association},
  title     = {A cognitive-affective system theory of personality: reconceptualizing situations, dispositions, dynamics, and invariance in personality structure.},
  volume    = {102},
  year      = {1995}
}

@book{burger2018personality,
  address   = {Boston, MA},
  author    = {Burger, Jerry M.},
  edition   = {10},
  isbn      = {9781337559010},
  publisher = {Cengage Learning},
  title     = {Personality},
  year      = {2018}
}

@article{taylor1989positive,
  author    = {Taylor, Shelley E},
  doi       = {10.1002/jts.2490030411},
  journal   = {Psychological Bulletin},
  number    = {2},
  pages     = {193--210},
  publisher = {American Psychological Association},
  title     = {Positive illusions: Creative self-deception and the healthy mind},
  volume    = {103},
  year      = {1989}
}

@article{heine2007self,
  author    = {Heine, Steven J and Hamamura, Takeshi},
  doi       = {10.1111/1467-6494.696168},
  journal   = {Journal of Personality},
  number    = {5},
  pages     = {889--916},
  publisher = {Wiley Online Library},
  title     = {Self as cultural product: An examination of East Asian and North American selves},
  volume    = {75},
  year      = {2007}
}

@article{heine1999is,
  author    = {Heine, Steven J and Lehman, Darrin R and Markus, Hazel Rose and Kitayama, Shinobu},
  doi       = {10.1037/0033-295X.106.4.766},
  journal   = {Psychological Review},
  number    = {4},
  pages     = {766--794},
  publisher = {American Psychological Association},
  title     = {Is there a universal need for positive self-regard?},
  volume    = {106},
  year      = {1999}
}

@article{kuppens2008emotional,
  author    = {Kuppens, Peter and Realo, Anu and Diener, Ed},
  doi       = {10.1037/0022-3514.94.5.719},
  journal   = {Journal of Personality and Social Psychology},
  number    = {5},
  pages     = {719--728},
  publisher = {American Psychological Association},
  title     = {Emotional experience and expression across cultures: On the role of interdependence and independence},
  volume    = {94},
  year      = {2008}
}

@article{oishi2007dynamics,
  title={The dynamics of daily events and well-being across cultures: when less is more.},
  author={Oishi, Shigehiro and Diener, Ed and Choi, Dong-Won and Kim-Prieto, Chu and Choi, Incheol},
  journal={Journal of personality and social psychology},
  volume={93},
  number={4},
  pages={685},
  year={2007},
  publisher={American Psychological Association},
  doi={10.1037/0022-3514.93.4.685}
}

@article{steger2008meaningful,
  author    = {Steger, Michael F and Kawabata, Yoshinori and Shimai, Satoshi and Otake, Kiyoshi},
  doi       = {10.1016/j.jrp.2007.09.003},
  journal   = {Journal of Research in Personality},
  number    = {3},
  pages     = {660--678},
  publisher = {Elsevier},
  title     = {The meaningful life in Japan and the United States: Levels and correlates of meaning in life},
  volume    = {42},
  year      = {2008}
}

@article{diener1995cross,
  author    = {Diener, Ed and Diener, Marissa},
  doi       = {10.1037/0022-3514.68.4.653},
  journal   = {Journal of Personality and Social Psychology},
  number    = {4},
  pages     = {653--663},
  publisher = {American Psychological Association},
  title     = {Cross-cultural correlates of life satisfaction and self-esteem},
  volume    = {68},
  year      = {1995}
}

@article{suh1998cultural,
  author    = {Suh, Eunkook M and Diener, Ed and Oishi, Shigehiro and Triandis, Harry C},
  doi       = {10.1037/0022-3514.65.3.482},
  journal   = {Journal of Personality and Social Psychology},
  number    = {3},
  pages     = {482--493},
  publisher = {American Psychological Association},
  title     = {The cultural construction of subjective well-being: A multi-national comparison},
  volume    = {65},
  year      = {1998}
}

@book{whiting1989you,
  address   = {New York},
  author    = {Whiting, Robert},
  publisher = {Macmillan},
  title     = {You Gotta Have Wa},
  year      = {1989}
}

@article{roberts2006patterns,
  author    = {Roberts, Brent W and Walton, Kate E and Viechtbauer, Wolfgang},
  doi       = {10.1037/0033-2909.132.1.1},
  journal   = {Psychological bulletin},
  number    = {1},
  pages     = {1},
  publisher = {American Psychological Association},
  title     = {Patterns of mean-level change in personality traits across the life course: a meta-analysis of longitudinal studies.},
  volume    = {132},
  year      = {2006}
}

@article{mcadams2001bad,
  author    = {McAdams, Dan P and Reynolds, Jeffrey and Lewis, Martha and Patten, Allison H and Bowman, Phillip J},
  doi       = {10.1177/0146167201274008},
  journal   = {Personality and social psychology bulletin},
  number    = {4},
  pages     = {474--485},
  publisher = {Sage Publications Sage CA: Thousand Oaks, CA},
  title     = {When bad things turn good and good things turn bad: Sequences of redemption and contamination in life narrative and their relation to psychosocial adaptation in midlife adults and in students},
  volume    = {27},
  year      = {2001}
}
