@article{milaneschi2014association,
  author    = {Milaneschi, Yuri and Hoogendijk, Witte and Lips, PTAM and Heijboer, AC and Schoevers, Robert and Van Hemert, AM and Beekman, ATF and Smit, JH and Penninx, BWJH},
  journal   = {Molecular psychiatry},
  number    = {4},
  pages     = {444--451},
  publisher = {Nature Publishing Group},
  title     = {The association between low vitamin D and depressive disorders},
  volume    = {19},
  year      = {2014}
}


@article{kjaergaard2012effect,
  author    = {Kj{\ae}rgaard, Marie and Wang, Catharina EA and Alm{\aa}s, Bj{\o}rg and Figenschau, Yngve and Hutchinson, Moira S and Svartberg, Johan and Jorde, Rolf},
  journal   = {The British Journal of Psychiatry},
  number    = {5},
  pages     = {360--368},
  publisher = {Cambridge University Press},
  title     = {Effect of vitamin D supplement on depression scores in people with low levels of serum 25-hydroxyvitamin D: nested caseâ€”control study and randomised clinical trial},
  volume    = {201},
  year      = {2012}
}
  

@article{kaviani2020effects,
  author    = {Kaviani, Mina and Nikooyeh, Bahareh and Zand, Hamid and Yaghmaei, Parichehreh and Neyestani, Tirang R},
  journal   = {Journal of affective disorders},
  pages     = {28--35},
  publisher = {Elsevier},
  title     = {Effects of vitamin D supplementation on depression and some involved neurotransmitters},
  volume    = {269},
  year      = {2020}
}
  

@article{jorde2008effects,
  author    = {Jorde, R and Sneve, M and Figenschau, Y and Svartberg, J and Waterloo, K},
  journal   = {Journal of internal medicine},
  number    = {6},
  pages     = {599--609},
  publisher = {Wiley Online Library},
  title     = {Effects of vitamin D supplementation on symptoms of depression in overweight and obese subjects: randomized double blind trial},
  volume    = {264},
  year      = {2008}
}
  

%%
%% This is file `./samples/bibliography.bib',
%% generated with the docstrip utility.
%%
%% The original source files were:
%%
%% apa7.dtx  (with options: `bibliography')
%% ----------------------------------------------------------------------
%% 
%% apa7 - A LaTeX class for formatting documents in compliance with the
%% American Psychological Association's Publication Manual, 7th edition
%% 
%% Copyright (C) 2019 by Daniel A. Weiss <daniel.weiss.led at gmail.com>
%% 
%% This work may be distributed and/or modified under the
%% conditions of the LaTeX Project Public License (LPPL), either
%% version 1.3c of this license or (at your option) any later
%% version.  The latest version of this license is in the file:
%% 
%% http://www.latex-project.org/lppl.txt
%% 
%% Users may freely modify these files without permission, as long as the
%% copyright line and this statement are maintained intact.
%% 
%% This work is not endorsed by, affiliated with, or probably even known
%% by, the American Psychological Association.
%% 
%% ----------------------------------------------------------------------
%% 


%% 
%% Copyright (C) 2019 by Daniel A. Weiss <daniel.weiss.led at gmail.com>
%% 
%% This work may be distributed and/or modified under the
%% conditions of the LaTeX Project Public License (LPPL), either
%% version 1.3c of this license or (at your option) any later
%% version.  The latest version of this license is in the file:
%% 
%% http://www.latex-project.org/lppl.txt
%% 
%% Users may freely modify these files without permission, as long as the
%% copyright line and this statement are maintained intact.
%% 
%% This work is not endorsed by, affiliated with, or probably even known
%% by, the American Psychological Association.
%% 
%% This work is "maintained" (as per LPPL maintenance status) by
%% Daniel A. Weiss.
%% 
%% This work consists of the file  apa7.dtx
%% and the derived files           apa7.ins,
%%                                 apa7.cls,
%%                                 apa7.pdf,
%%                                 README,
%%                                 APA7american.txt,
%%                                 APA7british.txt,
%%                                 APA7dutch.txt,
%%                                 APA7english.txt,
%%                                 APA7german.txt,
%%                                 APA7ngerman.txt,
%%                                 APA7greek.txt,
%%                                 APA7czech.txt,
%%                                 APA7turkish.txt,
%%                                 APA7endfloat.cfg,
%%                                 Figure1.pdf,
%%                                 shortsample.tex,
%%                                 longsample.tex, and
%%                                 bibliography.bib.
%% 
%%
%% End of file `./samples/bibliography.bib'.
