@book{beck2020cognitive,
  title={Cognitive behavior therapy: Basics and beyond},
  author={Beck, Judith S},
  year={2020},
  publisher={Guilford Publications}
}

@book{clark2011cognitive,
  title={Cognitive therapy of anxiety disorders: Science and practice},
  author={Clark, David A and Beck, Aaron T},
  year={2011},
  publisher={Guilford Press}
}

@article{cuijpers2008psychotherapy,
  title={Psychotherapy for depression in adults: a meta-analysis of comparative outcome studies.},
  author={Cuijpers, Pim and Van Straten, Annemieke and Andersson, Gerhard and Van Oppen, Patricia},
  journal={Journal of consulting and clinical psychology},
  volume={76},
  number={6},
  pages={909},
  year={2008},
  publisher={American Psychological Association},
    doi = {10.1037/a0013075}
}

@book{dobson2018evidence,
  title={Evidence-based practice of cognitive-behavioral therapy},
  author={Dobson, Deborah and Dobson, Keith S},
  year={2018},
  publisher={Guilford publications}
}

@article{hofmann2012efficacy,
  title={The efficacy of cognitive behavioral therapy: A review of meta-analyses},
  author={Hofmann, Stefan G and Asnaani, Anu and Vonk, Imke JJ and Sawyer, Alice T and Fang, Angela},
  journal={Cognitive therapy and research},
  volume={36},
  pages={427--440},
  year={2012},
  publisher={Springer},
  doi = {https://doi.org/10.1007/s10608-012-9476-1}
}

@article{hollon2006enduring,
  title={Enduring effects for cognitive behavior therapy in the treatment of depression and anxiety},
  author={Hollon, Steven D and Stewart, Michael O and Strunk, Daniel},
  journal={Annu. Rev. Psychol.},
  volume={57},
  number={1},
  pages={285--315},
  year={2006},
  publisher={Annual Reviews},
  doi = {https://doi.org/10.1146/annurev.psych.57.102904.190044}
}

@article{lorenzo2015s,
  title={It's complicated: The relation between cognitive change procedures, cognitive change, and symptom change in cognitive therapy for depression},
  author={Lorenzo-Luaces, Lorenzo and German, Ramaris E and DeRubeis, Robert J},
  journal={Clinical psychology review},
  volume={41},
  pages={3--15},
  year={2015},
  publisher={Elsevier},
  doi = {10.1016/j.cpr.2014.12.003}
}


@article{stober2001worry,
  title={Worry, procrastination, and perfectionism: Differentiating amount of worry, pathological worry, anxiety, and depression},
  author={St{\"o}ber, Joachim and Joormann, Jutta},
  journal={Cognitive therapy and research},
  volume={25},
  pages={49--60},
  year={2001},
  publisher={Springer},
    doi = {10.1023/A:1026474715384}
}
