@article{example2024,
  author = {Author, A.},
  title = {Title of the article},
  journal = {Journal Name},
  year = {2024},
  volume = {10},
  number = {2},
  pages = {1--10},
}
